@online{CHMU,
  title = {Měsíční data o počasí podle Z. 123/1998 Sb},
  organization = {Český hydrometeorologický ústav},
  url = {https://www.chmi.cz/historicka-data/pocasi/mesicni-data/mesicni-data-dle-z.-123-1998-Sb},
  note = {Získáno dne 2023-12-09}
}

@online{AgroManual,
  title = {Sucho a reakce pšenice},
  author = {RNDr. Ilja Tom Prášil, CSc. and Ing. Jana Musilová and RNDr. Klára Kosová, Ph.D. and Mgr. Pavel Vítámvás, PhD. and Ing. Petr Martinek, CSc.},
  year = {2018},
  organization = {Výzkumný ústav rostlinné výroby v.v.i., Praha-Ruzyně; Agrotest fyto s.r.o., Kroměříž},
  url = {https://www.agromanual.cz/cz/clanky/technologie/sucho-a-reakce-psenice},
  note = {Získáno dne 2023-12-09}
}

@online{AgroManualPrezimovani,
  title = {Přezimování, jarní mrazy a poškození ozimů},
  author = {RNDr. Ilja Tom Prášil, CSc. and Ing. Jana Musilová and Ing. Pavla Prášilová and RNDr. Klára Kosová, Ph.D. and Mgr. Pavel Vítámvás, Ph.D. and Ing. Miroslav Klíma, Ph.D. and Ing. Nicole Frantová and Ing. Tomáš Středa, Ph.D. and Doc. Dr. Pavlína Smutná, Ph.D. and RNDr. Ludmila Holková, Ph.D. and Ing. Petr Martinek, CSc. and Dr. Ing. Martin Možný},
  year = {2021},
  organization = {Výzkumný ústav rostlinné výroby v Praze; Mendelova univerzita v Brně; Zemědělský výzkumný ústav Kroměříž, s.r.o.; Česká zemědělská univerzita v Praze},
  url = {https://www.agromanual.cz/cz/clanky/technologie/prezimovani-jarni-mrazy-a-poskozeni-ozimu},
  note = {Získáno dne 2023-12-09}
}

@online{BittnerSkodliveOrganismy,
  title = {Škodlivé organismy pšenice},
  author = {Ing. Vít Bittner},
  year = {2009},
  url = {https://www.agromanual.cz/data/web/download/bittner-skodlive-organismy-psenice-ukazka.pdf},
  note = {Získáno dne 2023-12-09}
}

@online{Alhendi2021,
  title = {Toward Understanding the Impact of Mycotoxins on Human Health: Comparative Assessment of the Cytotoxicity of Ochratoxin A, Patulin, and Sterigmatocystin in Caco-2, HepG2, and Huh7 Cell Lines},
  author = {Alhendi, A.S. and Ahmed, Z.A. and Hussein, M.S. and Abed, S.A.},
  year = {2021},
  url = {https://www.myfoodresearch.com/uploads/8/4/8/5/84855864/_10__fr-2021-026_alhendi_2.pdf},
  note = {Získáno dne 2023-12-09}
}

@online{AgroManualPoskozeni2021,
  title = {Poškození polních plodin v roce 2021},
  author = {Ing. Vít Bittner},
  year = {2021},
  url = {https://www.agromanual.cz/cz/clanky/ochrana-rostlin-a-pestovani/ochrana-obecne/poskozeni-polnich-plodin-v-roce-2021},
  note = {Získáno dne 2023-12-09}
}
